<record xmlns="http://www.openarchives.org/OAI/2.0/" xmlns:xsi="http://www.w3.org/2001/XMLSchema-instance"><header><identifier>oai:alma.34CSIC_INST:990013534470204201</identifier><datestamp>2020-02-06T08:40:59Z</datestamp><setSpec>manuscripta</setSpec></header><metadata><record xmlns="http://www.loc.gov/MARC21/slim" xmlns:xsi="http://www.w3.org/2001/XMLSchema-instance" xsi:schemaLocation="http://www.loc.gov/MARC21/slim http://www.loc.gov/standards/marcxml/schema/MARC21slim.xsd"><leader>04705nam a2200601 i 4500</leader><controlfield tag="005">20181031100346.0</controlfield><controlfield tag="008">101011sn                     000 0 ara d</controlfield><controlfield tag="001">990013534470204201</controlfield><datafield tag="035" ind1=" " ind2=" "><subfield code="a">CSIC001353447</subfield></datafield><datafield tag="035" ind1=" " ind2=" "><subfield code="a">(ES-MaCSI)001353447MAD01-Aleph</subfield></datafield><datafield tag="040" ind1=" " ind2=" "><subfield code="a">ES-MaCSI</subfield><subfield code="b">spa</subfield></datafield><datafield tag="245" ind1="1" ind2="0"><subfield code="a">علم الكلام‭</subfield><subfield code="h">[‭Manuscrito]</subfield></datafield><datafield tag="260" ind1=" " ind2=" "><subfield code="c">[S. f.].</subfield></datafield><datafield tag="300" ind1=" " ind2=" "><subfield code="a">6 f. ;</subfield><subfield code="c">22 x 15,2 cm (caja: 17,7 x 10,5 cm).</subfield></datafield><datafield tag="490" ind1="1" ind2=" "><subfield code="a">Manuscripta</subfield></datafield><datafield tag="546" ind1=" " ind2=" "><subfield code="a">Arabe</subfield><subfield code="b">Escritura magrebí</subfield></datafield><datafield tag="500" ind1=" " ind2=" "><subfield code="a">Título transliterado: ʽIlm al-kalām</subfield></datafield><datafield tag="500" ind1=" " ind2=" "><subfield code="a">Título facticio</subfield></datafield><datafield tag="500" ind1=" " ind2=" "><subfield code="a">Distribución: 1 col. La mayoría de la obra tiene 21 líneas por página. Otras varían de 20 a 22 líneas por página.</subfield></datafield><datafield tag="500" ind1=" " ind2=" "><subfield code="a">Material: Papel</subfield></datafield><datafield tag="500" ind1=" " ind2=" "><subfield code="a">Tinta: Negra, roja y verde</subfield></datafield><datafield tag="500" ind1=" " ind2=" "><subfield code="a">‪Incipit: اخَر لسْنَا الانَ اهَا لانَّا في حَال اخْتصَار فَعَلى هذا التَّاصِيل فتقُول الحمد من الالْفَاظ المشْتركَة</subfield></datafield><datafield tag="500" ind1=" " ind2=" "><subfield code="a">‪Explicit: كَانَ الوجود قديماً او حادثاً وامَّا المقدمة السَّادسة وهيَ الكَلام في</subfield></datafield><datafield tag="500" ind1=" " ind2=" "><subfield code="a">Lugar de escritura: No consta</subfield></datafield><datafield tag="500" ind1=" " ind2=" "><subfield code="a">Copista: No consta</subfield></datafield><datafield tag="500" ind1=" " ind2=" "><subfield code="a">‪Colofón: No consta</subfield></datafield><datafield tag="500" ind1=" " ind2=" "><subfield code="a">Características especiales: Texto sin vocalizar</subfield></datafield><datafield tag="500" ind1=" " ind2=" "><subfield code="a">Ilustración: No</subfield></datafield><datafield tag="500" ind1=" " ind2=" "><subfield code="a">Ilustraciones: Los epígrafes al igual que algunas palabras del texto aparecen en tinta roja o verde en un trazo mucho más grande y alargado que el resto.</subfield></datafield><datafield tag="500" ind1=" " ind2=" "><subfield code="a">Tipo de cuaderno: 1 cuad.: 1 ternión.</subfield></datafield><datafield tag="500" ind1=" " ind2=" "><subfield code="a">Deterioros: Galerías, arrugas, pliegues, degradaciones de la tinta y manchas de humedad que afectan a casi todos los folios, aunque el texto se lee bien.</subfield></datafield><datafield tag="500" ind1=" " ind2=" "><subfield code="a">H en blanco: No</subfield></datafield><datafield tag="500" ind1=" " ind2=" "><subfield code="a">H dañadas, mutiladas, sueltas: No</subfield></datafield><datafield tag="500" ind1=" " ind2=" "><subfield code="a">H faltan o añadidas: no se puede precisar con exactitud el total de folios que faltan</subfield></datafield><datafield tag="500" ind1=" " ind2=" "><subfield code="a">Foliación: Tiene dos foliaciones, una original y otra moderna. La foliación original en tinta negra aparece al igual que la moderna en la esquina superior izquierda de todos los folios rectos; siendo el primer folio el que lleva el digito 4 (folio 1) y el último el 9 (folio 6). En esta foliación se combinan los números hindī con los arábigos. Por otro lado, la foliación moderna es a lápiz y hecha por Naima Anahnah (2010).</subfield></datafield><datafield tag="500" ind1=" " ind2=" "><subfield code="a">Reclamos: Reclamo en tinta negra únicamente en el margen inferior izquierdo del folio 6v.</subfield></datafield><datafield tag="500" ind1=" " ind2=" "><subfield code="a">Sign. cuad.: No</subfield></datafield><datafield tag="500" ind1=" " ind2=" "><subfield code="a">Pautado: Punta seca (casi inapreciable).</subfield></datafield><datafield tag="500" ind1=" " ind2=" "><subfield code="a">Filigrana: Mano con flor de cinco pétalos</subfield></datafield><datafield tag="563" ind1=" " ind2=" "><subfield code="a">Encuadernación: Carece de encuadernación</subfield></datafield><datafield tag="541" ind1=" " ind2=" "><subfield code="a">Procedencia: Escuela de Estudios Árabes. [Carlos Quirós Rodríguez].</subfield><subfield code="d">[198-?]</subfield></datafield><datafield tag="500" ind1=" " ind2=" "><subfield code="a">Signatura antigua: No</subfield></datafield><datafield tag="500" ind1=" " ind2=" "><subfield code="a">Anotaciones: Anotaciones marginales muy escasas en tinta negra de la misma mano del copista para corregir o remendar algún vocablo del texto.</subfield></datafield><datafield tag="581" ind1=" " ind2=" "><subfield code="a">Descripción: No</subfield></datafield><datafield tag="530" ind1=" " ind2=" "><subfield code="a">Otros soportes: No</subfield></datafield><datafield tag="581" ind1=" " ind2=" "><subfield code="a">Edición: No</subfield></datafield><datafield tag="520" ind1="2" ind2=" "><subfield code="a">Contenido: ʽIlm al-kalām [Incompleto, acéfalo y ápodo]</subfield></datafield><datafield tag="650" ind1=" " ind2="7"><subfield code="a">Islam</subfield><subfield code="x">Doctrinas</subfield><subfield code="v">Manuscritos.</subfield><subfield code="2">CSICAU</subfield></datafield><datafield tag="740" ind1="0" ind2=" "><subfield code="a">ʽIlm al-kalām</subfield></datafield><datafield tag="830" ind1=" " ind2="0"><subfield code="a">Manuscripta</subfield></datafield><datafield tag="856" ind1="4" ind2="1"><subfield code="u">http://aleph.csic.es/imagenes/mad01/0006_PMSC/P_001353447_790008_V00.pdf</subfield><subfield code="z">Descargar Pdf completo (2.1M)</subfield><subfield code="m">CSIC</subfield></datafield><datafield tag="856" ind1="4" ind2="1"><subfield code="u">http://simurg.bibliotecas.csic.es/viewer/image/CSIC001353447/1/</subfield><subfield code="z">Ver texto completo en SIMURG, el portal de fondos digitalizados del CSIC</subfield><subfield code="m">CSIC</subfield></datafield><datafield tag="856" ind1="4" ind2="1"><subfield code="u">http://aleph.csic.es/imagenes/mad01/0006_PMSC/html/001353447.html</subfield><subfield code="z">Ver texto completo en Bookreader</subfield></datafield></record></metadata></record>